@article{wei2022chain,
  title        = {Chain-of-Thought Prompting Elicits Reasoning in Large Language Models},
  author       = {Wei, Jason and Wang, Xuezhi and Schuurmans, Dale and Bosma, Maarten and Ichter, Brian and Xia, Fei and Chi, Ed and Le, Quoc and Zhou, Denny},
  journal      = {arXiv preprint arXiv:2201.11903},
  year         = {2022}
}

@article{yao2023tree,
  title        = {Tree of Thoughts: Deliberate Problem Solving with Large Language Models},
  author       = {Yao, Shunyu and Yu, Dian and Zhao, Jeffrey and Yu, Izhak Shafran and Welleck, Sean and Radev, Dragomir},
  journal      = {arXiv preprint arXiv:2305.10601},
  year         = {2023}
}

@article{wang2022selfconsistency,
  title        = {Self-Consistency Improves Chain of Thought Reasoning in Language Models},
  author       = {Wang, Xuezhi and Wei, Jason and Schuurmans, Dale and Le, Quoc and Chi, Ed H. and Zhou, Denny},
  journal      = {arXiv preprint arXiv:2203.11171},
  year         = {2022}
}

@article{gao2023pal,
  title        = {PAL: Program-Aided Language Models},
  author       = {Gao, Luyu and Madaan, Aman and Zhou, Yiming and Alon, Uri and Liu, Pengfei and Yang, Yiming and Neubig, Graham},
  journal      = {arXiv preprint arXiv:2211.10435},
  year         = {2023}
}

@article{schick2023toolformer,
  title        = {Toolformer: Language Models Can Teach Themselves to Use Tools},
  author       = {Schick, Timo and Dwivedi-Yu, Jane and Dess{\`i}, Roberto and Raunak, Vikas and Havrilla, Alex and Scialom, Thomas and Chen, Xiang and Niehues, Jan and Schulte, Stefan and Zettlemoyer, Luke and Schmid, Marco and Petroni, Fabio},
  journal      = {arXiv preprint arXiv:2302.04761},
  year         = {2023}
}

@article{yao2023react,
  title        = {ReAct: Synergizing Reasoning and Acting in Language Models},
  author       = {Yao, Shunyu and Zhao, Jeffrey and Yu, Dian and Wang, Nan Duan and Radev, Dragomir},
  journal      = {arXiv preprint arXiv:2210.03629},
  year         = {2023}
}

@article{shinn2023reflexion,
  title        = {Reflexion: Language Agents with Verbal Reinforcement Learning},
  author       = {Shinn, Noah and Labash, Thomas and Madaan, Aman},
  journal      = {arXiv preprint arXiv:2303.11366},
  year         = {2023}
}

@article{shen2023hugginggpt,
  title        = {HuggingGPT: Solving AI Tasks with ChatGPT and its Friends in Hugging Face},
  author       = {Shen, Yongliang and Liu, Kaitao and Chen, Weize and Xu, Xiang and Wang, Fei and Zhang, Zihan and Liang, Xuefeng and Huang, Junjie and Chen, Zhongyuan and Zhang, Yongdong},
  jour
