% references.bib -- add your BibTeX entries here.
